<record><leader>00000cas a2200000 a 4500</leader><controlfield tag="001">9455117</controlfield><controlfield tag="008">830427d18181822mouwr ne      0    0eng c</controlfield><controlfield tag="009">3770</controlfield><datafield ind1=" " ind2=" " tag="010"><subfield code="a">sn 83025431 </subfield></datafield><datafield ind1=" " ind2=" " tag="040"><subfield code="a">NPV</subfield><subfield code="b">eng</subfield><subfield code="c">NPV</subfield><subfield code="d">DLC</subfield><subfield code="d">PPM</subfield><subfield code="d">NPX</subfield><subfield code="d">PPM</subfield><subfield code="d">MQN</subfield><subfield code="d">NYS</subfield><subfield code="d">ANU</subfield><subfield code="d">YOX</subfield><subfield code="d">KNP</subfield><subfield code="d">OCL</subfield><subfield code="d">CNK</subfield><subfield code="d">NVF</subfield><subfield code="d">NVK</subfield><subfield code="d">OCL</subfield><subfield code="d">CVF</subfield><subfield code="d">OCLCG</subfield><subfield code="d">DLC</subfield><subfield code="d">NVF</subfield><subfield code="d">OCLCF</subfield></datafield><datafield ind1=" " ind2=" " tag="019"><subfield code="a">2264255</subfield></datafield><datafield ind1="1" ind2=" " tag="029"><subfield code="a">AU@</subfield><subfield code="b">000025813221</subfield></datafield><datafield ind1=" " ind2=" " tag="042"><subfield code="a">pcc</subfield></datafield><datafield ind1=" " ind2=" " tag="043"><subfield code="a">n-us-mo</subfield></datafield><datafield ind1=" " ind2=" " tag="045"><subfield code="a">w1w2</subfield></datafield><datafield ind1="0" ind2="0" tag="050"><subfield code="a">Newspaper</subfield></datafield><datafield ind1=" " ind2=" " tag="052"><subfield code="a">4163</subfield><subfield code="b">S35</subfield></datafield><datafield ind1="0" ind2="0" tag="245"><subfield code="a">Missouri gazette &amp; public advertiser.</subfield></datafield><datafield ind1="3" ind2=" " tag="246"><subfield code="a">Missouri gazette and public advertiser</subfield></datafield><datafield ind1=" " ind2=" " tag="260"><subfield code="a">St. Louis [Mo.] :</subfield><subfield code="b">Joseph Charless,</subfield><subfield code="c">1818-1822.</subfield></datafield><datafield ind1=" " ind2=" " tag="300"><subfield code="a">v.</subfield></datafield><datafield ind1=" " ind2=" " tag="310"><subfield code="a">Weekly</subfield></datafield><datafield ind1="0" ind2=" " tag="362"><subfield code="a">Vol. 10, no. 510 (July 10, 1818)-v. 14, no. 701 (Mar. 6, 1822).</subfield></datafield><datafield ind1=" " ind2=" " tag="530"><subfield code="a">Available on microfilm from the Kansas State Historical Society.</subfield></datafield><datafield ind1=" " ind2="0" tag="651"><subfield code="a">Saint Louis (Mo.)</subfield><subfield code="v">Newspapers.</subfield></datafield><datafield ind1=" " ind2="7" tag="655"><subfield code="a">Newspapers.</subfield><subfield code="2">fast</subfield><subfield code="0">(OCoLC)fst01423814</subfield></datafield><datafield ind1=" " ind2="7" tag="651"><subfield code="a">Missouri</subfield><subfield code="z">Saint Louis.</subfield><subfield code="2">fast</subfield><subfield code="0">(OCoLC)fst01204930</subfield></datafield><datafield ind1="1" ind2=" " tag="700"><subfield code="a">Charless, Joseph,</subfield><subfield code="d">1772-1834.</subfield></datafield><datafield ind1=" " ind2=" " tag="752"><subfield code="a">United States</subfield><subfield code="b">Missouri</subfield><subfield code="d">Saint Louis.</subfield></datafield><datafield ind1="0" ind2="0" tag="780"><subfield code="t">Missouri gazette &amp; Illinois advertiser (Saint Louis, Mo. : 1818)</subfield><subfield code="w">(DLC)sn 84020217</subfield><subfield code="w">(OCoLC)10477008</subfield></datafield><datafield ind1="0" ind2="0" tag="785"><subfield code="t">Missouri Republican (Saint Louis, Mo. : 1822)</subfield><subfield code="w">(DLC)sn 83025377</subfield><subfield code="w">(OCoLC)2251243</subfield></datafield></record>